<?xml version="1.0" encoding="UTF-8"?><collection xmlns="http://www.loc.gov/MARC21/slim"><record><leader>00547nam--2200181-i-4500</leader><controlfield tag="001">000037548</controlfield><controlfield tag="002">20161230</controlfield><controlfield tag="005">20161230201041</controlfield><controlfield tag="008">060222s1000------------r-----000-0-eng-d</controlfield><datafield ind1=" " ind2=" " tag="040"><subfield code="a">IFIN-HH</subfield></datafield><datafield ind1=" " ind2=" " tag="080"><subfield code="a">539.143.43</subfield></datafield><datafield ind1="1" ind2=" " tag="100"><subfield code="a">Emsley, J. W</subfield></datafield><datafield ind1="1" ind2="0" tag="245"><subfield code="a">Progress in nuclear magnetic resonance spectroscopy</subfield><subfield code="b">Volume 6</subfield><subfield code="c">J.w.emsley, j.feeney, l.h.sutcliffe (eds.)</subfield></datafield><datafield ind1=" " ind2=" " tag="260"><subfield code="a">Oxford,,1966-1969. Vii+467 P</subfield><subfield code="b">Pergamon Press</subfield><subfield code="c">1971</subfield></datafield><datafield ind1=" " ind2=" " tag="300"><subfield code="a">186P</subfield></datafield><datafield ind1="1" ind2=" " tag="700"><subfield code="a">Sutcliffe, L. H</subfield><subfield code="e">Ed</subfield></datafield><datafield ind1=" " ind2=" " tag="852"><subfield code="a">27030</subfield><subfield code="c">539.143.43</subfield></datafield><datafield ind1=" " ind2=" " tag="CAT"><subfield code="a">Sys</subfield><subfield code="c">20120423</subfield><subfield code="h">130829</subfield></datafield></record></collection>